<record><leader>00000cas a2200000 a 4500</leader><controlfield tag="001">30338069</controlfield><controlfield tag="008">940427d19291935caudn ne      0    0eng c</controlfield><datafield ind1=" " ind2=" " tag="010"><subfield code="a">sn 94051098 </subfield></datafield><datafield ind1=" " ind2=" " tag="040"><subfield code="a">CNK</subfield><subfield code="b">eng</subfield><subfield code="c">CNK</subfield><subfield code="d">OCLCQ</subfield><subfield code="d">OCLCF</subfield><subfield code="d">OCLCO</subfield><subfield code="d">OCLCA</subfield></datafield><datafield ind1="1" ind2=" " tag="029"><subfield code="a">AU@</subfield><subfield code="b">000010972397</subfield></datafield><datafield ind1=" " ind2=" " tag="042"><subfield code="a">pcc</subfield></datafield><datafield ind1=" " ind2=" " tag="043"><subfield code="a">n-us-ca</subfield></datafield><datafield ind1="0" ind2="0" tag="245"><subfield code="a">Oceanside daily blade-tribune.</subfield></datafield><datafield ind1="1" ind2="7" tag="246"><subfield code="a">Daily blade-tribune</subfield></datafield><datafield ind1="1" ind2="7" tag="246"><subfield code="a">Oceanside blade-tribune</subfield></datafield><datafield ind1=" " ind2=" " tag="260"><subfield code="a">Oceanside, Calif. :</subfield><subfield code="b">Blade-Tribune Pub. Co.</subfield></datafield><datafield ind1=" " ind2=" " tag="300"><subfield code="a">v.</subfield></datafield><datafield ind1=" " ind2=" " tag="310"><subfield code="a">Daily (except Sat. and holidays)</subfield></datafield><datafield ind1="1" ind2=" " tag="362"><subfield code="a">Began in Oct. 1929.</subfield></datafield><datafield ind1="0" ind2=" " tag="362"><subfield code="a">-v. 9, no. 28 (Feb. 2, 1935).</subfield></datafield><datafield ind1=" " ind2=" " tag="500"><subfield code="a">"Oceanside" appears in smaller print above "Daily Blade-Tribune."</subfield></datafield><datafield ind1=" " ind2=" " tag="500"><subfield code="a">Running title alternates between Daily blade-tribune and Oceanside blade-tribune.</subfield></datafield><datafield ind1=" " ind2=" " tag="500"><subfield code="a">"Serving Oceanside and Northern San Diego County."</subfield></datafield><datafield ind1=" " ind2=" " tag="500"><subfield code="a">"Semi-weekly Blade and Daily Tribune Consolidated Oct. 7, 1929."</subfield></datafield><datafield ind1=" " ind2=" " tag="515"><subfield code="a">Issues for &lt;Oct. 8, 1929-Jan. 31, 1930&gt; called also v. 40 continuing the vol. designation of the Oceanside blade.</subfield></datafield><datafield ind1=" " ind2=" " tag="588"><subfield code="a">Description based on: Vol. 3, no. 58 (Oct. 8, 1929).</subfield></datafield><datafield ind1=" " ind2="0" tag="651"><subfield code="a">Oceanside (Calif.)</subfield><subfield code="v">Newspapers.</subfield></datafield><datafield ind1=" " ind2="0" tag="651"><subfield code="a">Carlsbad (Calif.)</subfield><subfield code="v">Newspapers.</subfield></datafield><datafield ind1=" " ind2="0" tag="651"><subfield code="a">Vista (Calif.)</subfield><subfield code="v">Newspapers.</subfield></datafield><datafield ind1=" " ind2="0" tag="651"><subfield code="a">Fallbrook (Calif.)</subfield><subfield code="v">Newspapers.</subfield></datafield><datafield ind1=" " ind2="0" tag="651"><subfield code="a">Camp Pendleton (Calif.)</subfield><subfield code="v">Newspapers.</subfield></datafield><datafield ind1=" " ind2="7" tag="655"><subfield code="a">Newspapers.</subfield><subfield code="2">fast</subfield><subfield code="0">(OCoLC)fst01423814</subfield></datafield><datafield ind1=" " ind2="7" tag="651"><subfield code="a">California</subfield><subfield code="z">Camp Pendleton.</subfield><subfield code="2">fast</subfield><subfield code="0">(OCoLC)fst01220268</subfield></datafield><datafield ind1=" " ind2="7" tag="651"><subfield code="a">California</subfield><subfield code="z">Carlsbad.</subfield><subfield code="2">fast</subfield><subfield code="0">(OCoLC)fst01208495</subfield></datafield><datafield ind1=" " ind2="7" tag="651"><subfield code="a">California</subfield><subfield code="z">Fallbrook.</subfield><subfield code="2">fast</subfield><subfield code="0">(OCoLC)fst01218715</subfield></datafield><datafield ind1=" " ind2="7" tag="651"><subfield code="a">California</subfield><subfield code="z">Oceanside.</subfield><subfield code="2">fast</subfield><subfield code="0">(OCoLC)fst01219037</subfield></datafield><datafield ind1=" " ind2="7" tag="651"><subfield code="a">California</subfield><subfield code="z">Vista.</subfield><subfield code="2">fast</subfield><subfield code="0">(OCoLC)fst01228759</subfield></datafield><datafield ind1=" " ind2=" " tag="752"><subfield code="a">United States</subfield><subfield code="b">California</subfield><subfield code="c">San Diego</subfield><subfield code="d">Oceanside.</subfield></datafield><datafield ind1="0" ind2="4" tag="780"><subfield code="t">Daily tribune (Oceanside, Calif.)</subfield></datafield><datafield ind1="0" ind2="4" tag="780"><subfield code="t">Oceanside blade</subfield><subfield code="w">(DLC)sn 92069519</subfield></datafield><datafield ind1="0" ind2="0" tag="785"><subfield code="t">Oceanside blade-tribune</subfield><subfield code="w">(DLC)sn2001060418</subfield></datafield></record>